@ONLINE{project-plan,
	author = {Fabian Hauser and Raphael Zimmermann},
	title = {{Redbackup: Project Plan}},
	year = 2017,
	urldate = {2017-10-10},
	howpublished={\url{https://redbackup.org/project-plan.pdf}},
}

@ONLINE{golang-org,
	author = {{The Go Authors}},
	title = {{The Go Programming Language}},
	year = 2017,
	urldate = {2017-10-10},
	howpublished={\url{https://golang.org/}},
}

@ONLINE{go-github-minimum-requirements,
	author = {{The Go Authors}},
	title = {{Minimum Requirements} for the Go Programming Language },
	year = 2017,
	urldate = {2017-10-10},
	howpublished={\url{https://github.com/golang/go/wiki/MinimumRequirements}},
}

@ONLINE{go-github-release-cycle,
	author = {{The Go Authors}},
	title = {{Go Release Cycle} for the Go Programming Language },
	year = 2017,
	urldate = {2017-10-10},
	howpublished={\url{https://github.com/golang/go/wiki/Go-Release-Cycle}},
}


@ONLINE{golang-org-faq,
	author = {{The Go Authors}},
	title = {{Why is my trivial program such a large binary?} - Frequently Asked Questions},
	year = 2017,
	urldate = {2017-10-10},
	howpublished={\url{https://golang.org/doc/faq}},
}

@ONLINE{golang-org-cgo,
	author = {{The Go Authors}},
	title = {{Command cgo}},
	year = 2017,
	urldate = {2017-10-10},
	howpublished={\url{https://golang.org/cmd/cgo/}},
}

@ONLINE{erlang-org-nif,
	author = {{The Erlang Authors}},
	title = {{Erlang Programming Language}},
	year = 2017,
	urldate = {2017-10-10},
	howpublished={\url{http://www.erlang.org/}},
}

@ONLINE{erlang-org,
	author = {{The Erlang Authors}},
	title = {{Native Implemented Functions} - Erlang User's Guide},
	year = 2017,
	urldate = {2017-10-10},
	howpublished={\url{http://erlang.org/doc/tutorial/nif.html}},
}


@ONLINE{stackoverflow-erlang-guis,
	author = {Degenhardt, Brian},
	title = {{What libraries can I use to build a GUI with Erlang?}},
	year = 2008,
	urldate = {2017-10-10},
	howpublished={\url{https://stackoverflow.com/questions/97508/what-libraries-can-i-use-to-build-a-gui-with-erlang/}},
}


@ONLINE{erlang-faq-implementations,
	author = {{The Erlang Authors}},
	title = {{Implementation and Ports of Erlang} - Frequently Asked Questions about Erlang},
	year = 2017,
	urldate = {2017-10-10},
	howpublished={\url{http://erlang.org/faq/implementations.html}},
}
@ONLINE{erlang-packaging,
	author = {Morrow, Jared},
	title = {{Packaging Erlang Applications}},
	year = 2013,
	urldate = {2017-10-10},
	howpublished={\url{https://speakerdeck.com/jaredmorrow/packaging-erlang-applications}},
}

@ONLINE{rust-book-concurrency,
	author = {{The Rust Authors}},
	title = {{Fearless Concurrency} - The Rust Programming Language, Second Edition (draft)},
	year = 2017,
	urldate = {2017-10-10},
	howpublished={\url{https://doc.rust-lang.org/book/second-edition/ch16-00-concurrency.html}},
}

@ONLINE{rust-book-concurrency,
	author = {{The Rust Authors}},
	title = {{Foreign Function Interface} - The Rust Programming Language, Second Edition (draft)},
	year = 2017,
	urldate = {2017-10-10},
	howpublished={\url{https://doc.rust-lang.org/book/first-edition/ffi.html}},
}


@inbook{hebert_learn_you_some_erlang,
	author = {Hebert, Fred},
	title = {Learn You Some Erlang for Great Good!: A Beginner's Guide},
	chapter = {{Introduction}},
	year = {2013},
	isbn = {1593274351, 9781593274351},
	publisher = {No Starch Press},
	address = {San Francisco, CA, USA},
}

@inbook{doxsey_introduction_2012,
	author = {Doxsey, Caleb},
	title = {An introduction to programming in Go},
	chapter = {{Concurrency}},
	year = {2012},
	isbn = {978-1478355823},
	publisher = {CreateSpace Independent Publishing Platform},
	url = {http://www.golang-book.com/},
},

@ONLINE{rustlang-org,
	author = {{The Rust Authors}},
	title = {{The Rust Programming Language}},
	year = 2017,
	urldate = {2017-10-10},
	howpublished={\url{https://www.rust-lang.org/en-US/}},
}

@ONLINE{rust-blog-introducing-mir,
	author = {Matsakis, Niko},
	title = {{Introducing MIR} - The Rust Programming Language Blog},
	year = 2016,
	urldate = {2017-10-10},
	howpublished={\url{https://blog.rust-lang.org/2016/04/19/MIR.html}},
}

@ONLINE{rust-blog-stability,
	author = {Matsakis, Niko and Turon, Aaron},
	title = {{Stability as a Deliverable} - The Rust Programming Language Blog},
	year = 2014,
	urldate = {2017-10-10},
	howpublished={\url{https://blog.rust-lang.org/2014/10/30/Stability.html}},
}

@ONLINE{tokio-rs,
	author = {{Tokio Project}},
	title = {{Tokio} - A platform for writing fast networking code with Rust.},
	year = 2017,
	urldate = {2017-10-10},
	howpublished={\url{https://tokio.rs/}},
}
@ONLINE{tokio-streaming,
	author = {{Tokio Project}},
	title = {{Tokio} - Streaming Protocols.},
	year = 2017,
	urldate = {2017-12-15},
	howpublished={\url{https://tokio.rs/docs/going-deeper-tokio/streaming/}},
}

@ONLINE{docker-compose,
	author = {{Docker Inc.}},
	title = {{Docker Compose} - Define and run multi-container applications with Docker},
	year = 2017,
	urldate = {2017-10-10},
	howpublished={\url{https://docs.docker.com/compose/}},
}
@ONLINE{borg-data-structures,
	author = {{The Borg Backup Authors}},
	title = {{Borg Backup} - Data structures and file formats},
	year = 2017,
	urldate = {2017-10-20},
	howpublished={\url{http://borgbackup.readthedocs.io/en/stable/internals/data-structures.html}},
}
@ONLINE{birthday-attack,
	author = {{Wikipedia}},
	title = {{Birthday attack} - {W}ikipedia{,} The Free Encyclopedia},
	year = 2017,
	urldate = {2017-10-23},
	howpublished={\url{https://en.wikipedia.org/w/index.php?title=Birthday_attack&oldid=797537980}},
}
@ONLINE{seagate-zetabyte,
	author = {{Peter Frisch}},
	title = {{2016: The Year of the Zettabyte} - Seagate Smart Business},
	year = 2014,
	urldate = {2017-10-23},
	howpublished={\url{https://web.archive.org/web/20141208222542/http://storageeffect.media.seagate.com/2014/07/storage-effect/2016-the-year-of-the-zettabyte/}},
}
@ONLINE{sha-256,
	author = {{Eastlake, Hansen, et al.}},
	title = {{RFC 6234} - SHAs, HMAC-SHAs, and HKDF},
	year = 2011,
	urldate = {2017-10-23},
	howpublished={\url{https://tools.ietf.org/html/rfc6234}},
}
@ONLINE{ext4,
	author = {{Wikipedia}},
	title = {{ext4} - {W}ikipedia{,} The Free Encyclopedia},
	year = 2017,
	urldate = {2017-11-09},
	howpublished={\url{https://en.wikipedia.org/w/index.php?title=Ext4&oldid=809382067}},
}
@techreport{ISO9126,
	type = {Standard},
	key = {ISO 9126-1:2001(E)},
	month = jun,
	year = {2001},
	title = {{Software engineering -- Product quality -- Part 1: Quality model}},
	volume = {2001},
	institution = {International Organization for Standardization}
}
@ONLINE{bsi-tr-02102-1,
	author = {{Bundesamt für Sicherheit in der Informationstechnik}},
	title = {{Kryptographische Verfahren: Empfehlungen und Schlüssellängen} - Version: 2017-01},
	year = 2017,
	urldate = {2017-11-09},
	howpublished={\url{https://www.bsi.bund.de/SharedDocs/Downloads/DE/BSI/Publikationen/TechnischeRichtlinien/TR02102/BSI-TR-02102.pdf?__blob=publicationFile&v=4}},
}
@book{POSA1,
 author = {Buschmann, Frank and Meunier, Regine and Rohnert, Hans and Sommerlad, Peter and Stal, Michael},
 title = {Pattern-Oriented Software Architecture - Volume 1: A System of Patterns},
 year = {1996},
 isbn = {0471958697, 9780471958697},
 publisher = {Wiley Publishing},
}

@book{POSA2,
 author = {Schmidt, Douglas C. and Stal, Michael and Rohnert, Hans and Buschmann, Frank},
 title = {Pattern-Oriented Software Architecture: Patterns for Concurrent and Networked Objects},
 year = {2000},
 isbn = {0471606952, 9780471606956},
 edition = {2nd},
 publisher = {John Wiley \& Sons, Inc.},
 address = {New York, NY, USA},
}

@book{TDD,
 author = {Beck, Kent},
 title = {Test Driven Development: By Example},
 year = {2002},
 isbn = {0321146530},
 publisher = {Addison-Wesley Longman Publishing Co., Inc.},
 address = {Boston, MA, USA},
} 

@book{security-patterns,
 author = {Schumacher, Markus and Fernandez, Eduardo and Hybertson, Duane and Buschmann, Frank},
 title = {Security Patterns: Integrating Security and Systems Engineering},
 year = {2005},
 isbn = {0470858842},
 publisher = {John Wiley \& Sons},
} 

@book{fault-tolerance,
 author = {Hanmer, Robert},
 title = {Patterns for Fault Tolerant Software},
 year = {2007},
 isbn = {0470319798, 9780470319796},
 publisher = {Wiley Publishing},
}

@INPROCEEDINGS{young-cryptovirology,
author={A. Young and Moti Yung},
booktitle={Proceedings 1996 IEEE Symposium on Security and Privacy},
title={Cryptovirology: extortion-based security threats and countermeasures},
year={1996},
volume={},
number={},
pages={129-140},
doi={10.1109/SECPRI.1996.502676},
ISSN={1081-6011},
month={May},}

@ONLINE{sqlite-locking,
	author = {{The SQLite Authors}},
	title = {{File Locking And Concurrency In SQLite Version 3}},
	year = 2017,
	urldate = {2017-12-11},
	howpublished={\url{https://www.sqlite.org/lockingv3.html}},
}

@ONLINE{sqlite-datatypes,
	author = {{The SQLite Authors}},
	title = {{Datatypes In SQLite Version 3}},
	year = 2017,
	urldate = {2017-12-11},
	howpublished={\url{https://www.sqlite.org/datatype3.html}},
}

@article{knuth-optimise,
	author = {Knuth, Donald E.},
	title = {Structured Programming with Go to Statements},
	journal = {ACM Comput. Surv.},
	issue_date = {Dec. 1974},
	volume = {6},
	number = {4},
	month = dec,
	year = {1974},
	issn = {0360-0300},
	pages = {261--301},
	numpages = {41},
	url = {http://doi.acm.org/10.1145/356635.356640},
	doi = {10.1145/356635.356640},
	acmid = {356640},
	publisher = {ACM},
	address = {New York, NY, USA},
}

@article{p2p-scheduling,
    author = {Toka, Laszlo and Dell`Amico, Matteo and Michiardi, Pietro},
    year = {2010},
    month = {09},
    title = {On Scheduling and Redundancy for P2P Backup}
}

@article{p2p-redundancy,
    title = "Adaptive redundancy management for durable P2P backup",
    journal = "Computer Networks",
    volume = "83",
    number = "Supplement C",
    pages = "136 - 148",
    year = "2015",
    issn = "1389-1286",
    doi = "https://doi.org/10.1016/j.comnet.2015.03.006",
    url = "http://www.sciencedirect.com/science/article/pii/S1389128615000924",
    author = "Matteo Dell’Amico and Pietro Michiardi and Laszlo Toka and Pasquale Cataldi",
    keywords = "P2P, Backup, Storage, Redundancy"
}

@article{ipfs,
    author    = {Juan Benet},
    title     = {{IPFS} - Content Addressed, Versioned, {P2P} File System},
    journal   = {CoRR},
    volume    = {abs/1407.3561},
    year      = {2014},
    url       = {http://arxiv.org/abs/1407.3561},
    archivePrefix = {arXiv},
    eprint    = {1407.3561},
    timestamp = {Wed, 07 Jun 2017 14:40:21 +0200},
    biburl    = {http://dblp.org/rec/bib/journals/corr/Benet14},
    bibsource = {dblp computer science bibliography, http://dblp.org}
}

@INPROCEEDINGS{tahoe-lafs,
    author={M. Selimi and F. Freitag},
    booktitle={2014 IEEE Fourth International Conference on Big Data and Cloud Computing},
    title={Tahoe-LAFS Distributed Storage Service in Community Network Clouds},
    year={2014},
    volume={},
    number={},
    pages={17-24},
    doi={10.1109/BDCloud.2014.24},
    ISSN={},
    month={Dec},
}

@article{afs,
    author = {Howard, John H. and Kazar, Michael L. and Menees, Sherri G. and Nichols, David A. and Satyanarayanan, M. and Sidebotham, Robert N. and West, Michael J.},
    title = {Scale and Performance in a Distributed File System},
    journal = {ACM Trans. Comput. Syst.},
    issue_date = {Feb. 1988},
    volume = {6},
    number = {1},
    month = feb,
    year = {1988},
    issn = {0734-2071},
    pages = {51--81},
    numpages = {31},
    url = {http://doi.acm.org/10.1145/35037.35059},
    doi = {10.1145/35037.35059},
    acmid = {35059},
    publisher = {ACM},
    address = {New York, NY, USA},
}

@inproceedings{ceph,
    author = {Weil, Sage A. and Brandt, Scott A. and Miller, Ethan L. and Long, Darrell D. E. and Maltzahn, Carlos},
    title = {Ceph: A Scalable, High-performance Distributed File System},
    booktitle = {Proceedings of the 7th Symposium on Operating Systems Design and Implementation},
    series = {OSDI '06},
    year = {2006},
    isbn = {1-931971-47-1},
    location = {Seattle, Washington},
    pages = {307--320},
    numpages = {14},
    url = {http://dl.acm.org/citation.cfm?id=1298455.1298485},
    acmid = {1298485},
    publisher = {USENIX Association},
    address = {Berkeley, CA, USA},
}

@ONLINE{borg-backup,
    author = {{The Borg Backup Authors}},
    title = {{Borg Backup} - a deduplicating backup program},
    year = 2017,
    urldate = {2017-10-20},
    howpublished={\url{http://borgbackup.readthedocs.io/}},
}

@ONLINE{rdedup,
    author = {{Dawid Ciężarkiewicz et al.}},
    title = {Data deduplication engine, supporting optional compression and public key encryption.},
    year = 2017,
    urldate = {2017-10-21},
    howpublished={\url{https://github.com/dpc/rdedup}},
}

@ONLINE{rsync,
    author = {{Wayne Davison et al.}},
    title = {{rsync} - an open source utility that provides fast incremental file transfer.},
    year = 2017,
    urldate = {2017-10-21},
    howpublished={\url{https://rsync.samba.org/}},
}

