@ONLINE{problemstatement,
	author = {Fabian Hauser and Raphael Zimmermann},
	title = {{Task Description} ''redbackup: a redundant distributed backup system prototype''},
	year = 2017,
	urldate = {2017-09-10},
	howpublished={\url{https://www.redbackup.org/problem-statement.pdf}},
}

@ONLINE{atlassian-opensource,
	author = {{Atlassian Inc.}},
	title = {{Open Source Services by Atlassian Inc.}},
	year = 2017,
	urldate = {2017-09-21},
	howpublished={\url{https://developer.atlassian.com/opensource/}},
}

@ONLINE{github-flow,
	author = {{Github Inc.}},
	title = {{Github Flow}},
	year = 2013,
	urldate = {2017-09-25},
	howpublished={\url{https://guides.github.com/introduction/flow/}},
}
