@ONLINE{nyt_randsomware,
	author = {Mark Scott and Nick Wingfield},
	title = {{Hacking Attack} Has Security Experts Scrambling to Contain Fallout},
	year = 2017,
	urldate = {2017-05-22},
	howpublished={\url{https://www.nytimes.com/2017/05/13/world/asia/cyberattacks-online-security-.html}}
}
@ONLINE{guardian_randsomware,
	author = {Julia Carrie Wong and Olivia Solon},
	title = {{Massive ransomware cyber-attack} hits nearly 100 countries around the world },
	year = 2017,
	urldate = {2017-05-22},
	howpublished={\url{https://www.theguardian.com/technology/2017/may/12/global-cyber-attack-ransomware-nsa-uk-nhs}},
	
}
@misc{agplv3,
	title        = {GNU Affero General Public License},
	version      = {3},
	shorthand    = {AGPL},
	organization = {Free Software Foundation},
	howpublished = {\url{https://www.gnu.org/licenses/agpl-3.0.en.html}},
	pagination   = {section},
	language     = {english},
	date         = {2007-11-19}
}